@article{greenwade93,
    author  = "George D. Greenwade",
    title   = "The {C}omprehensive {T}ex {A}rchive {N}etwork ({CTAN})",
    year    = "1993",
    journal = "TUGBoat",
    volume  = "14",
    number  = "3",
    pages   = "342--351"
}


@misc{proxy,
    key = "OpenZeppelin",
    note = "``Proxy Upgrade Pattern'', OpenZeppelin Docs, https://docs.openzeppelin.com/upgrades-plugins/1.x/proxies"
}